<?xml version="1.0" encoding="UTF-8"?><collection><record><leader>06136ntm a2200553 a 4500</leader><controlfield tag="001">006805796</controlfield><controlfield tag="003">MiAaHDL</controlfield><controlfield tag="005">20190719000000.0</controlfield><controlfield tag="006">m        d        </controlfield><controlfield tag="007">cr bn ---auaua</controlfield><controlfield tag="008">090602s1817    ir            00| ||per d</controlfield><datafield tag="035" ind1=" " ind2=" "><subfield code="a">(MiU)006805796</subfield></datafield><datafield tag="035" ind1=" " ind2=" "><subfield code="a">sdr-miu006805796</subfield></datafield><datafield tag="040" ind1=" " ind2=" "><subfield code="a">MiU</subfield><subfield code="c">MiU</subfield><subfield code="e">amremm</subfield></datafield><datafield tag="043" ind1=" " ind2=" "><subfield code="a">n-us-mi</subfield></datafield><datafield tag="100" ind1="1" ind2=" "><subfield code="6">880-01</subfield><subfield code="a">ʻĀshiq Iṣfahānī, Muḥammad,</subfield><subfield code="d">d. 1768 or 9.</subfield></datafield><datafield tag="245" ind1="1" ind2="0"><subfield code="6">880-03</subfield><subfield code="a">[Dīvān-i ʻĀshiq,</subfield><subfield code="f">1232, i.e. 1817].</subfield></datafield><datafield tag="246" ind1="3" ind2=" "><subfield code="i">Edge title (head):</subfield><subfield code="a">عاشق</subfield></datafield><datafield tag="246" ind1="3" ind2=" "><subfield code="a">ديوان عاشق</subfield></datafield><datafield tag="260" ind1=" " ind2=" "><subfield code="a">[Iṣfahān,</subfield><subfield code="c">1817].</subfield></datafield><datafield tag="300" ind1=" " ind2=" "><subfield code="a">272 leaves :</subfield><subfield code="b">paper ;</subfield><subfield code="c">247 x 155 (160 x 75) mm.</subfield></datafield><datafield tag="500" ind1=" " ind2=" "><subfield code="a">Shelfmark: Ann Arbor, University of Michigan, Special Collections Library, Isl. Ms. 285</subfield></datafield><datafield tag="500" ind1=" " ind2=" "><subfield code="a">Origin: As appears in colophon on p.543, copied by Aḥmad Jaʻfar [?] with transcription completed Rabīʻ I 1232 [January-February 1817] in Iṣfahān.</subfield></datafield><datafield tag="500" ind1=" " ind2=" "><subfield code="a">Former shelfmark: "199 T. D. M. [i.e. Tammaro De Marinis]" inscribed in pencil on recto of front flyleaf (p.1) ; "25 /10 " inscribed in ink on 'title page' (p.3).</subfield></datafield><datafield tag="500" ind1=" " ind2=" "><subfield code="a">Binding: Heavy pasteboards covered in painted lacquerwork, spine in dark brown leather ; Type III binding (without flap) ; two-piece binding with overlapping flanges plainly visible at spine (spine leather detaching with second layer of leather visible looking on spine from lower cover) ; doublures in fine painted lacquerwork of swirling floral vegetal composition in gold on a dark green ground surrounded by vegetal border in green and gold on a dark red ground with flanking gold fillets (composition of upper doublure mirrors that of lower doublure) ; upper and lower covers bear paintings of nearly identical floral composition in mirror image to one another on a dark red background, namely a central cluster of peonies, poppies, tulips, etc. with iris, roses, poppies, and other floral forms all in shades of pink, light blue, lavender, and white with leaves in various shades of green, and surrounded by decorative band of floral vegetal motifs on a dark green ground framed in gold-painted borders ; sewn in lime green thread, two stations, sewing failing, many gatherings loose ; worked chevron endbands in lime green and pink, fairly good condition ; overall in fair condition with some abrasion and losses to lacquerwork and pasteboard, etc. ; housed in box for protection.</subfield></datafield><datafield tag="500" ind1=" " ind2=" "><subfield code="a">Support: non-European (Persian) laid paper with 9-10 laid lines per cm. (horizontal) and chain lines only faintly visible roughly 20 mm. apart (vertical), gray in color, crisp and transluscent though sturdy, quite well-burnished ; many bifolia split ; minor pest and moisture damage.</subfield></datafield><datafield tag="500" ind1=" " ind2=" "><subfield code="a">Decoration: Elaborate illuminated headpiece (ʻunwān / sarlawḥ ) at opening on p.4 consisting of rectangular piece with gold cartouche carrying the basmalah in blue flanked by floral vegetal designs (in gold, red-orange, blue, white, etc.) on fields of blue (approaching lapis lazuli), red and gold, surmounted by large w-shaped piece filled with swirling arabesque and floral motifs in gold, red-orange, pink, white, blue, etc. on grounds of gold, red, and blue (approaching lapis lazuli), w-shaped piece bordered in a row of lozenges with similar floral vegetal design, entire piece set into a heavy well of gold interlace bordered in red bands with white accents ; illuminated marginal decoration of incipit and facing page consisting of swirling vegetal composition with large sāz leaves and floral forms in gold with black outline ; written area throughout set off with gold cloud-bands ; vegetal composition in gold fills band dividing two columns of written area or flanking centered text ; written area (and margin) framed by gold bands outlined in black fillets.</subfield></datafield><datafield tag="500" ind1=" " ind2=" "><subfield code="a">Script: Shikastah (shikastah-nastaʻlīq / شكسته نستعليق ) ; elegant hand ; serifless with sweeping elongated horizontal strokes, free assimilation of letters, misplaced (or distant, or unexpectedly combined) pointing, uncurved final yāʼ, etc.</subfield></datafield><datafield tag="500" ind1=" " ind2=" "><subfield code="a">Layout: Written in 16 lines per page with written area mainly divided to two columns ; frame-ruled.</subfield></datafield><datafield tag="500" ind1=" " ind2=" "><subfield code="a">Collation: 34 IV(272) ; exclusively quaternions ; catchwords present ; pagination in pencil, Western numerals, supplied during digitization (includes flyleaves).</subfield></datafield><datafield tag="500" ind1=" " ind2=" "><subfield code="a">Colophon: "Scribal," rectangular, reads "... شهر ربيع الاول ١٢٣٢ در دار [؟] السلطنه اصفهان ... اين كتاب مستطاب ... بخط احمد [؟] جعفر ..."</subfield></datafield><datafield tag="500" ind1=" " ind2=" "><subfield code="a">Explicit: "طاقش بی رواق چشم خوبان آمد این روی که ر نشین عالم آمد ..."</subfield></datafield><datafield tag="500" ind1=" " ind2=" "><subfield code="a">Incipit: "زهی مثالی که چون جمالت نبسته نقشی زمانه زیبا بخنده شیرین ببذله شکر بغمزه لیلی بعشوه سلمی ...."</subfield></datafield><datafield tag="500" ind1=" " ind2=" "><subfield code="a">Title supplied by cataloguer.</subfield></datafield><datafield tag="500" ind1=" " ind2=" "><subfield code="a">Ms. codex.</subfield></datafield><datafield tag="510" ind1="4" ind2=" "><subfield code="a">Suppl. Cat. Pers. MSS. Brit. Mus.,</subfield><subfield code="c">p. 213</subfield></datafield><datafield tag="510" ind1="4" ind2=" "><subfield code="a">University of Michigan Library. Manuscripts &amp; papyri : an exhibition arranged for the XXVII International Congress of Orientalists, Ann Arbor, Michigan, August 13-19, 1967. (Ann Arbor, MI [?], 1967),</subfield><subfield code="c">no.35, p.10</subfield></datafield><datafield tag="520" ind1="8" ind2=" "><subfield code="a">Elegant copy of the Dīvān of Āqā Muḥammad ʻĀshiq Iṣfahānī (d.1768 or 9) opening with the ghazals.</subfield></datafield><datafield tag="538" ind1=" " ind2=" "><subfield code="a">Mode of access: Internet.</subfield></datafield><datafield tag="541" ind1=" " ind2=" "><subfield code="c">Purchase ;</subfield><subfield code="a">Acquired by purchase (funds donated by Horace Rackham).</subfield><subfield code="d">1924.</subfield></datafield><datafield tag="546" ind1=" " ind2=" "><subfield code="a">Persian.</subfield></datafield><datafield tag="561" ind1=" " ind2=" "><subfield code="a">Traces of effaced seal impressions on opening leaf (p.1) ; fairly clean copy.</subfield></datafield><datafield tag="650" ind1=" " ind2="0"><subfield code="a">Manuscripts, Persian</subfield><subfield code="z">Michigan</subfield><subfield code="z">Ann Arbor.</subfield></datafield><datafield tag="650" ind1=" " ind2="0"><subfield code="a">Persian poetry</subfield><subfield code="y">1500-1796.</subfield></datafield><datafield tag="655" ind1=" " ind2="7"><subfield code="a">Headpieces (layout features)</subfield><subfield code="y">19th century.</subfield><subfield code="2">aat</subfield></datafield><datafield tag="700" ind1="0" ind2=" "><subfield code="a">Abdülhamid</subfield><subfield code="b">II,</subfield><subfield code="c">Sultan of the Turks,</subfield><subfield code="d">1842-1918,</subfield><subfield code="e">former owner.</subfield></datafield><datafield tag="773" ind1="0" ind2=" "><subfield code="a">Abdul Hamid Collection.</subfield></datafield><datafield tag="880" ind1="1" ind2="0"><subfield code="6">245-03/</subfield><subfield code="a">[دیوان عاشق,</subfield><subfield code="f">1232ه, 1817م].</subfield></datafield><datafield tag="880" ind1="1" ind2=" "><subfield code="6">100-01/</subfield><subfield code="a">عاشق اصفهاني, ,محمد.</subfield></datafield><datafield tag="CID" ind1=" " ind2=" "><subfield code="a">006805796</subfield></datafield><datafield tag="DAT" ind1="0" ind2=" "><subfield code="a">20190719102637.0</subfield><subfield code="b">20190719000000.0</subfield></datafield><datafield tag="DAT" ind1="1" ind2=" "><subfield code="a">20190719090653.0</subfield><subfield code="b">2019-07-19T16:11:40Z</subfield></datafield><datafield tag="DAT" ind1="2" ind2=" "><subfield code="a">2015-10-02T18:00:03Z</subfield></datafield><datafield tag="CAT" ind1=" " ind2=" "><subfield code="a">SDR-MIU</subfield><subfield code="d">EX LIBRIS - ALEPH</subfield><subfield code="l">prepare.pl-004-008</subfield></datafield><datafield tag="FMT" ind1=" " ind2=" "><subfield code="a">BK</subfield></datafield><datafield tag="HOL" ind1=" " ind2=" "><subfield code="0">sdr-miu006805796</subfield><subfield code="a">MiU</subfield><subfield code="b">SDR</subfield><subfield code="c">MIU</subfield><subfield code="p">mdp.39015079127596</subfield><subfield code="s">MIU</subfield><subfield code="1">006805796</subfield></datafield><datafield tag="974" ind1=" " ind2=" "><subfield code="b">MIU</subfield><subfield code="c">MIU</subfield><subfield code="d">20190719</subfield><subfield code="s">lit-dlps-dc</subfield><subfield code="u">mdp.39015079127596</subfield><subfield code="y">1817</subfield><subfield code="r">pd</subfield><subfield code="q">bib</subfield><subfield code="t">non-US bib date1 &lt; 1896</subfield></datafield></record></collection>